<record><leader>00000cas a22000007a 4500</leader><controlfield tag="001">8776515</controlfield><controlfield tag="008">820915d184818uuiauwr ne      0    0eng  </controlfield><datafield ind1=" " ind2=" " tag="010"><subfield code="a">sn 82014121 </subfield></datafield><datafield ind1=" " ind2=" " tag="040"><subfield code="a">DLC</subfield><subfield code="b">eng</subfield><subfield code="c">DLC</subfield><subfield code="d">INP</subfield><subfield code="d">DLC</subfield><subfield code="d">OCLCQ</subfield></datafield><datafield ind1=" " ind2=" " tag="042"><subfield code="a">msc</subfield></datafield><datafield ind1="0" ind2="0" tag="050"><subfield code="a">Newspaper 7797</subfield></datafield><datafield ind1="0" ind2="0" tag="245"><subfield code="a">Keokuk telegraphic weekly dispatch.</subfield></datafield><datafield ind1="1" ind2="3" tag="246"><subfield code="a">Telegraphic dispatch</subfield><subfield code="f">&lt;May 27, 1848-June 14, 1849&gt;</subfield></datafield><datafield ind1="1" ind2="3" tag="246"><subfield code="a">Weekly dispatch</subfield><subfield code="f">&lt;May 27, 1848-June 14, 1849&gt;</subfield></datafield><datafield ind1=" " ind2=" " tag="260"><subfield code="a">Keokuk, Iowa :</subfield><subfield code="b">Russell &amp; Doyle</subfield></datafield><datafield ind1=" " ind2=" " tag="300"><subfield code="a">v. ;</subfield><subfield code="c">62 cm.</subfield></datafield><datafield ind1=" " ind2=" " tag="310"><subfield code="a">Weekly</subfield></datafield><datafield ind1="1" ind2=" " tag="362"><subfield code="a">Began with May 20, 1848 issue.</subfield></datafield><datafield ind1=" " ind2=" " tag="500"><subfield code="a">Ceased between June 21, 1849 and June 25, 1850.</subfield></datafield><datafield ind1=" " ind2=" " tag="588"><subfield code="a">Description based on: Vol. 1, no. 2 (May 27, 1848).</subfield></datafield><datafield ind1=" " ind2=" " tag="752"><subfield code="a">United States</subfield><subfield code="b">Iowa</subfield><subfield code="c">Lee</subfield><subfield code="d">Keokuk.</subfield></datafield><datafield ind1="0" ind2="0" tag="785"><subfield code="t">Keokuk dispatch</subfield><subfield code="w">(DLC)sn 82014132</subfield></datafield><datafield ind1="1" ind2=" " tag="029"><subfield code="a">AU@</subfield><subfield code="b">000025813203</subfield></datafield></record>